<?xml version="1.0" encoding="UTF-8"?><record xmlns="http://www.loc.gov/MARC21/slim" xmlns:cinclude="http://apache.org/cocoon/include/1.0" xmlns:zs="http://www.loc.gov/zing/srw/">
  <leader>00756nz  a2200205n  4500</leader>
  <controlfield tag="001">no 96006482 </controlfield>
  <controlfield tag="003">DLC</controlfield>
  <controlfield tag="005">19960208055825.1</controlfield>
  <controlfield tag="008">960207n| acaaaaaa|          |a ana     c</controlfield>
  <datafield tag="010" ind1=" " ind2=" ">
    <subfield code="a">no 96006482 </subfield>
  </datafield>
  <datafield tag="035" ind1=" " ind2=" ">
    <subfield code="a">(OCoLC)oca04003431 </subfield>
  </datafield>
  <datafield tag="040" ind1=" " ind2=" ">
    <subfield code="a">DJBF</subfield>
    <subfield code="c">DJBF</subfield>
  </datafield>
  <datafield tag="130" ind1=" " ind2="0">
    <subfield code="a">Discussion paper (University of Warwick. Development Economics Research Centre)</subfield>
  </datafield>
  <datafield tag="410" ind1="2" ind2="0">
    <subfield code="a">University of Warwick.</subfield>
    <subfield code="b">Development Economics Research Centre.</subfield>
    <subfield code="t">Discussion paper</subfield>
  </datafield>
  <datafield tag="642" ind1=" " ind2=" ">
    <subfield code="a">109</subfield>
    <subfield code="5">DJBF</subfield>
  </datafield>
  <datafield tag="643" ind1=" " ind2=" ">
    <subfield code="a">Coventry, England</subfield>
    <subfield code="b">Dept. of Economics, University of Warwick</subfield>
  </datafield>
  <datafield tag="644" ind1=" " ind2=" ">
    <subfield code="a">f</subfield>
    <subfield code="5">DJBF</subfield>
  </datafield>
  <datafield tag="645" ind1=" " ind2=" ">
    <subfield code="a">t</subfield>
    <subfield code="5">DJBF</subfield>
  </datafield>
  <datafield tag="646" ind1=" " ind2=" ">
    <subfield code="a">s</subfield>
    <subfield code="5">DJBF</subfield>
  </datafield>
  <datafield tag="670" ind1=" " ind2=" ">
    <subfield code="a">The real effects of devaluation, 1994:</subfield>
    <subfield code="b">ser t.p. (Development Economics Research Centre, University of Warwick ; Discussion paper)</subfield>
  </datafield>
</record>